%  bibliography file for Bayesian benchmarking paper

@article{elbers2014estimation,
  title={Estimation of Normal Mixtures in a Nested Error Model with an Application to Small Area Estimation of Poverty and Inequality},
  author={Elbers, Chris and van der Weide, Roy},
  year={2014},
  journal = {World Bank Policy Research Working Paper No. 6962}
}

@article{elbers2003micro,
  title={Micro--level estimation of poverty and inequality},
  author={Elbers, Chris and Lanjouw, Jean O and Lanjouw, Peter},
  journal={Econometrica},
  volume={71},
  number={1},
  pages={355--364},
  year={2003},
  publisher={Wiley Online Library}
}

@article{albert2012combining,
  title={Combining expert opinions in prior elicitation},
  author={Albert, Isabelle and Donnet, Sophie and Guihenneuc-Jouyaux, Chantal and Low-Choy, Samantha and Mengersen, Kerrie and Rousseau, Judith and others},
  journal={Bayesian Analysis},
  volume={7},
  number={3},
  pages={503--532},
  year={2012},
  publisher={International Society for Bayesian Analysis}
}

@article{durbin1997benchmarking,
  title={Benchmarking by state space models},
  author={Durbin, James and Quenneville, Benoit},
  journal={International Statistical Review},
  volume={65},
  number={1},
  pages={23--48},
  year={1997},
  publisher={Wiley Online Library}
}

@article{dewaal2016obtaining,
  title={Obtaining numerically consistent estimates from a mix of administrative data and surveys},
  author={de Waal, Ton},
  year={2016},
  journal={Statistical Journal of the IAOS},
  volume={32},
  number={2},
  pages={231--243},
  publisher={IOS Press}
}

@article{fay1979estimates,
  title={Estimates of income from small places: an application of James-Stein procedures to census data},
  author={Fay, R. E. and Herriot, R. A.},
  journal={Journal of the American Statistical Association},
  volume={74},
  pages={269--277},
  year={1979}
}

@book{johnson1994continuous,
  author =	 {Johnson, N. L. and Kotz, S. and Balakrishnan, N.},
  title =	 {Continuous Univariate Distributions, 2nd edition},
  year =	 1994,
  publisher =	 {Wiley}
}

@InCollection{geweke1996bayesian,
  Title                    = {Bayesian inference for linear models subject to linear inequality constraints},
  Author                   = {Geweke, J.},
  Editor                   = {Lee, J. C. and Johnson, W. O. and Zellner, A.},
  Pages                    = {248--263},
  Publisher                = {Springer},
  Year                     = {1996},
  Address                  = {New York},
  Booktitle                = {Modelling and Prediction: Honoring Seymour Geisser}
}

@article{alkema2007probabilistic,
  title = {Probabilistic projections of {HIV} prevalence using {B}ayesian melding},
  author={Alkema, Leontine and Raftery, Adrian E and Clark, Samuel J},
  journal={The Annals of Applied Statistics},
  pages={229--248},
  year={2007},
  publisher={JSTOR}
}

@misc{hmd2015us,
  author = {{Human Mortality Database}},
  title= {University of California, Berkeley (USA), and Max Planck Institute for Demographic Research (Germany)},
  year = {2015},
  URL = {www.mortality.org or www.humanmortality.de},
  note = {Downloaded on 1 December 2015}
}

@book{national2011cambodia,
  author={{National Institute of Statistics}, {Directorate General for Health} and {ICF Macro}},
  year={2011},
  title = {Cambodia Demographic and Health Survey 2010},
  publisher = {National Institute of Statistics, Directorate General for Health, and ICF Macro},
}

@book{national2011key,
  author={{National Institute of Statistics}, {Directorate General for Health} and {ICF Macro}},
  year={2011},
  title = {2010 Cambodia Demographic and Health Survey: Key Findings},
  place = {Phnom Penh, Cambodia and Calverton, Maryland, USA},
  publisher = {National Institute of Statistics, Directorate General for Health, and ICF Macro},
}

@misc{national2011data,
  author={{National Institute of Statistics}, {Directorate General for Health} and {ICF Macro}},
  title = {Cambodia Demographic and Health Survey 2010 [Dataset] KHIR61FL.DTA},
  year={2011},
  publisher = {National Institute of Statistics, Directorate General for Health, and ICF Macro},
}

@book{carlin2008bayesian,
  title={Bayesian methods for data analysis},
  author={Carlin, Bradley P and Louis, Thomas A},
  year={2008},
  publisher={CRC Press}
}

@Proceedings{eurostat2006workshop,
  title = 	 {Workshop on Fontiers in Benchmarking Techniques and their Application to Official Statistics},
  year = 	 {2005},
  editor = {Eurostat},
  organization = {Eurostat}
}

@book{rodriguez2004efficient,
  title =	 {Efficient {G}ibbs Sampling of Truncated Multivariate Normal with Application to Constrained Linear Regression},
  author =	 {Rodriguez-Yam, G. and Davis, R.A. and Scharf, L.},
  publisher={Colorado State University},
  year =	 {2004}
}

@book{li2013efficient,
  title={Efficient Sampling Methods for Truncated Multivariate Normal and {S}tudent-t Distributions Subject to Linear Inequality Constraints},
  author={Li, Y. and Ghosh, S. K.},
  publisher={North Carolina State University},
  year={2013}
}

@article{bell2013benchmarking,
  title =	 {Benchmarking small area estimators},
  author =	 {Bell, William R and Datta, Gauri S and Ghosh, Malay},
  journal =	 {Biometrika},
  volume =	 100,
  number =	 1,
  pages =	 {189--202},
  year =	 2013,
  publisher =	 {Biometrika Trust}
}

@InProceedings{berg2009spree,
  title={A {SPREE} Small Area Procedure for Estimating Population Counts},
  author={Berg, Emily and Fuller, W},
  booktitle={Proceedings of the Survey Methods Section, Statistical Society of Canada},
  organization={Section on Survey Methods, Statistical Society of Canada},
  year=2009
}

@InProceedings{berg2009small,
  title =	 {A Small Area Procedure for Estimating Population Counts},
  booktitle = {Proceedings of the Section on Survey Research Methods, American Statistical Association},
  author =	 {Berg, Emily J and Fuller, Wayne A},
  year =	 2009,
  pages={3811-3825}
}

@InProceedings{berg2012benchmarked,
  title =	 {Benchmarked Small Area Prediction},
  booktitle = {Proceedings of the Section on Research Methods, Joint Statistical Meeting},
  author =	 {Berg, Emily J and Fuller, Wayne A and Erciulescu,
                  Andreea L},
  organization = {Section on Research Methods, Joint Statistical
                  Meeting},
  year =	 2012
}

@article{box1980sampling,
  title={Sampling and {B}ayes' inference in scientific modelling and robustness},
  author={Box, George EP},
  journal={Journal of the Royal Statistical Society. Series A (General)},
  pages={383--430},
  year={1980},
  publisher={JSTOR}
}

@misc{census2013saipe,
  author = {{US Census Bureau}},
  title = {Model-based Small Area Income and Poverty Estimates ({SAIPE}) for School Districts, Counties, and States},
  year = 2014,
  url = {\url{https://www.census.gov/did/www/saipe/index.html}},
  note = {[Online; accessed 26 July 2014]}
}

@misc{national2008census,
  author={{National Institute of Statistics} and {Latin American and Caribbean Demographic Center (CELADE)}},
  title = {Cambodia General Population Census 2008 [Online Database]},
  year={2008},
  publisher = {{National Institute of Statistics} and {Latin American and Caribbean Demographic Center (CELADE)}},
  url = {celade.cepal.org/redkhm/census/khm2008},
}

@book{congdon2010applied,
  author =	 {Congdon, P.},
  title =	 {Applied Bayesian Hierarchical Models},
  year =	 2010,
  publisher =	 {CRC Press},
  address =	 {Boca Raton}
}

@article{datta2011bayesian,
  title =	 {Bayesian benchmarking with applications to small
                  area estimation},
  author =	 {Datta, Gauri Sankar and Ghosh, M and Steorts, R and
                  Maples, J},
  journal =	 {Test},
  volume =	 20,
  number =	 3,
  pages =	 {574--588},
  year =	 2011,
  publisher =	 {Springer}
}

@article{fabrizi2012constrained,
  title =	 {Constrained small area estimators based on M-quantile methods},
  author =	 {Fabrizi, E. and Salvati, N. and Pratesi, M.},
  journal =	 {Journal of Official Statistics},
  volume =	 28,
  number =	 1,
  pages =	 {89--106},
  year =	 2012
}

@article{fabrizi2014mapping,
  title =	 {Mapping average equivalized income using robust small area methods},
  author =	 {Fabrizi, E. and Giusti, C. and Salvati, N. and Tzavidis, N.},
  journal =	 {Papers in Regional Science},
  volume =	 93,
  pages =	 {685¨C701},
  year =	 2014
}

@article{gelman1992inference,
  title =	 {Inference from iterative simulation using multiple
                  sequences},
  author =	 {Gelman, A. and Rubin, D.B.},
  journal =	 {Statistical science},
  volume =	 7,
  number =	 4,
  pages =	 {457--472},
  year =	 1992,
  publisher =	 {Institute of Mathematical Statistics}
}

@article{gelman2006prior,
  title =	 {Prior distributions for variance parameters in
                  hierarchical models},
  author =	 {Gelman, A.},
  journal =	 {Bayesian Analysis},
  volume =	 1,
  number =	 3,
  pages =	 {515--533},
  year =	 2006,
  publisher =	 {Citeseer}
}

@article{gelman2008weakly,
  title={A weakly informative default prior distribution for logistic and other regression models},
  author={Gelman, Andrew and Jakulin, Aleks and Pittau, Maria Grazia and Su, Yu-Sung},
  journal={The Annals of Applied Statistics},
  pages={1360--1383},
  year={2008}
}

@book{gelman2007data,
  title =	 {Data Analysis Using Regression and
                  Multilevel/Hierarchical Models},
  author =	 {Gelman, A. and Hill, J.},
  year =	 2007,
  publisher =	 {Cambridge University Press},
  address =	 {Cambridge}
}

@book{gelman2014bayesian,
  author =	 {Gelman, A. and Carlin, J.B. and Stern, H.S. and
                  Dunson, D.B. and Vehtari, A. and Rubin, D.},
  title =	 {Bayesian Data Analysis. Third Edition},
  year =	 2014,
  publisher =	 {Chapman and Hall},
  address =	 {New York}
}

@article{ghosh2013two,
  title =	 {Two stage {B}ayesian benchmarking as applied to small
                  area estimation},
  author =	 {Ghosh, Malay and Steorts, R},
  journal =	 {Test},
  volume =	 22,
  number =	 4,
  pages =	 {670--687},
  year =	 2013,
  publisher =	 {Springer}
}

@article{little2012calibrated,
  title={Calibrated {B}ayes, an alternative inferential paradigm for official statistics},
  author={Little, Roderick J},
  journal={Journal of Official Statistics},
  volume={28},
  number={3},
  pages={309},
  year={2012}
}

@article{lumley2004analysis,
  year = {2004},
  author = {Thomas Lumley},
  title = {Analysis of Complex Survey Samples},
  journal = {Journal of Statistical Software},
  volume = {9},
  number = {1},
  pages = {1-19},
  note = {R package verson 2.2},
}

@book{lumley2011complex,
  title={Complex surveys: A guide to analysis using {R}},
  author={Lumley, Thomas},
  volume={565},
  year={2011},
  publisher={John Wiley \& Sons}
}

@article{nandram2011bayesian,
  title =	 {A {B}ayesian benchmarking of the {S}cott--{S}mith model
                  for small areas},
  author =	 {Nandram, Balgobin and Toto, Ma Criselda S and Choi,
                  Jai Won},
  journal =	 {Journal of Statistical Computation and Simulation},
  volume =	 81,
  number =	 11,
  pages =	 {1593--1608},
  year =	 2011,
  publisher =	 {Taylor \& Francis}
}

@article{nandram2011constraint,
  title =	 {A {B}ayesian analysis of small area probabilities
                  under a constraint},
  author =	 {Nandram, Balgobin and Sayit, Hasanjan},
  journal =	 {Survey Methodology},
  volume =	 37,
  pages =	 {137--152},
  year =	 2011
}


@article{pfeffermann2006small,
  title =	 {Small--area estimation with state--space models
                  subject to benchmark constraints},
  author =	 {Pfeffermann, Danny and Tiller, Richard},
  journal =	 {Journal of the American Statistical Association},
  volume =	 101,
  number =	 476,
  pages =	 {1387--1397},
  year =	 2006,
  publisher =	 {Taylor \& Francis}
}

@article{pfeffermann2013new,
  title =	 {New important developments in small area estimation},
  author =	 {Pfeffermann, Danny},
  journal =	 {Statistical Science},
  volume =	 28,
  number =	 1,
  pages =	 {40--68},
  year =	 2013,
  publisher =	 {Institute of Mathematical Statistics}
}


@book{prado2010time,
  title={Time series: modeling, computation, and inference},
  author={Prado, Raquel and West, Mike},
  year={2010},
  publisher={CRC Press}
}

@Book{preston2001demography,
  author =	 {Preston, S.H. and Heuveline, P. and Guillot, M.},
  title =	 {Demography: Modelling and Measuring Population
                  Processes},
  publisher =	 {Blackwell},
  address =	 {Oxford},
  year =	 2001
}

@book{rao2003small,
  title =	 {Small area estimation},
  author =	 {Rao, Jonathan NK},
  year =	 2003,
  publisher =	 {John Wiley \& Sons},
  address =	 {New York}
}


@book{rao2015small,
  title =	 {Small area estimation, Second edition},
  author =	 {Rao, Jonathan N. K. and Molina, I.},
  year =	 2015,
  publisher =	 {John Wiley \& Sons},
}

@Manual{rcore2014r,
    title = {R: A Language and Environment for Statistical Computing},
    author = {{R Core Team}},
    organization = {R Foundation for Statistical Computing},
    address = {Vienna, Austria},
    year = {2014},
    url = {http://www.R-project.org/}
}

@article{rubin1984bayesianly,
  title={Bayesianly justifiable and relevant frequency calculations for the applied statistician},
  author={Rubin, Donald B},
  journal={The Annals of Statistics},
  volume={12},
  number={4},
  pages={1151--1172},
  year={1984},
  publisher={Institute of Mathematical Statistics}
}

@Book{sarkar2008lattice,
  title = {Lattice: Multivariate Data Visualization with R},
  author = {Deepayan Sarkar},
  publisher = {Springer},
  address = {New York},
  year = {2008},
  note = {ISBN 978-0-387-75968-5},
  url = {http://lmdvr.r-forge.r-project.org}
}

@article{steorts2013estimation,
  title={On estimation of mean squared errors of benchmarked empirical {B}ayes estimators},
  author={Steorts, Rebecca C. and Ghosh, Malay},
  journal={Statistica Sinica},
  volume={23},
  number={2},
  pages={749--767},
  year={2013}
}

@article{ghosh2015benchmarked,
  title={Benchmarked empirical {B}ayes methods in multiplicative area-level models with risk evaluation},
  author={Ghosh, Malay and Kubokawa, Tatsuya and Kawakubo, Yuki},
  journal={Biometrika},
  volume={102},
  number={3},
  pages={647--659},
  year={2015}
}

@article{pfeffermann2014single,
  title={Single-and two-stage cross-sectional and time series benchmarking procedures for small area estimation},
  author={Pfeffermann, Danny and Sikov, Anna and Tiller, Richard},
  journal={TEST},
  volume=23,
  number=4,
  pages={631--666},
  year=2014
}

@article{pfeffermann1991some,
  title={Some new estimators for small-area means with application to the assessment of farmland values},
  author={Pfeffermann, Danny and Barnard, Charles H},
  journal={Journal of Business \& Economic Statistics},
  volume={9},
  number={1},
  pages={73--84},
  year={1991},
  publisher={Taylor \& Francis Group}
}

@article{toto2010bayesian,
  title =	 {A {B}ayesian predictive inference for small area means
                  incorporating covariates and sampling weights},
  author =	 {Toto, Ma Criselda S and Nandram, Balgobin},
  journal =	 {Journal of Statistical Planning and Inference},
  volume =	 140,
  number =	 11,
  pages =	 {2963--2979},
  year =	 2010,
  publisher =	 {Elsevier}
}

@article{vaupel2002life,
  title =	 {Life expectancy at current rates vs. current
                  conditions: A reflexion stimulated by {B}ongaarts and
                  {F}eeney's {H}ow long do we live?},
  author =	 {Vaupel, James W},
  journal =	 {Demographic Research},
  volume =	 7,
  number =	 8,
  pages =	 {366--376},
  year =	 2002
}

@PhdThesis{vesper2013three,
  author =	 {Vesper, Andrew Jay},
  title =	 {Three Essays of Applied {B}ayesian Modeling: Financial
                  Return Contagion, Benchmarking Small Area Estimates,
                  and Time-Varying Dependence},
  school =	 {Harvard University},
  year =	 2013
}

@article{wang2008small,
  title =	 {Small area estimation under a restriction},
  author =	 {Wang, Junyuan and Fuller, Wayne A and Qu, Yongming},
  journal =	 {Survey methodology},
  volume =	 34,
  number =	 1,
  pages =	 29,
  year =	 2008
}

@article{you2002pseudo,
  title =	 {A pseudo-empirical best linear unbiased prediction
                  approach to small area estimation using survey
                  weights},
  author =	 {You, Yong and Rao, JNK},
  journal =	 {Canadian Journal of Statistics},
  volume =	 30,
  number =	 3,
  pages =	 {431--439},
  year =	 2002,
  publisher =	 {Wiley Online Library}
}

@article{you2003pseudo,
  title =	 {Pseudo hierarchical Bayes small area estimation
combining unit level models and survey weights},
  author =	 {You, Yong and Rao, JNK},
  journal =	 {Journal of Statistical Planning and Inference},
  volume =	 111,
  pages =	 {197--208},
  year =	 2003
}

@article{you2004benchmarking,
  title =	 {Benchmarking hierarchical Bayes small area estimators in the Canadian
census undercoverage estimation},
  author =	 {You, Yong and Rao, JNK and Dick, P},
  journal =	 {Statistics in Transition},
  volume =	 6,
  pages =	 {631--640},
  year =	 2004
}

@article{you2013performance,
  title =	 {On the performance of self benchmarked small area
                  estimators under the {F}ay-{H}erriot area level model},
  author =	 {You, Yong and Rao, JNK and Hidiroglou, Mike},
  journal =	 {Survey Methodology},
  year =	 2013
}

@article{roback2001supra,
  title={Supra-{B}ayesian pooling of priors linked by a deterministic simulation model},
  author={Roback, Paul J and Givens, Geof H},
  journal={Communications in Statistics-Simulation and Computation},
  volume={30},
  number={3},
  pages={447--476},
  year={2001},
  publisher={Taylor \& Francis}
}

@article{Raftery1995synthesis,
  title =	 {Inference from a Deterministic Population Dynamics Model for Bowhead Whales (with discussion)},
  author =	 {Raftery, A. E. and Givens, G. H. and Zeh, J. E.},
  journal =	 {Journal of the American Statistical Association},
  year =	 1995,
  volume=90,
  pages={402--430}
}

@article{Wolpert1995Borel,
  title =	 {Comment on `{I}nference from a Deterministic Population Dynamics Model for Bowhead Whales' by {A}. {E}. {R}aftery, {G}. {H}. {G}ivens and {J}. {E}. {Z}eh},
  author =	 {Wolpert, R. L.},
  journal =	 {Journal of the American Statistical Association},
  year =	 1995,
  volume=90,
  pages={426--427}
}

@article{Poole2000melding,
  title =	 {Inference for Deterministic Simulation Models: The {B}ayesian Melding Approach},
  author =	 {Poole, D. and Raftery, A. E.},
  journal =	 {Journal of the American Statistical Association},
  year =	 2000,
  volume=95,
  pages={1244--1255}
}

@misc{Madansky1978,
  title =	 {Externally Bayesian Groups},
  author =	 {Madansky, A.},
  note={unpublished manuscript, University of Chicago},
  year =	 1978
}

@book{Ohagan2006expert,
  author =	 {O'Hagan, A. and Buck, C. E. and Daneshkhah, A. and Eiser, J. R. and Garthwaite, P. H. and Jenkenson, D. J. and Oakley, J. E. and Rakow, T.},
  title =	 {Eliciting Experts' Probabilities},
  year =	 2006,
  publisher =	 {John Wiley and Sons, Ltd.}
}

@InProceedings{French1985Consensus,
author  = {French, S.},
editor  = {Bernardo, J. M. and Berger, J. O. and Dawid, A. P. and Smith, A. F. M.},
booktitle={{Bayesian Statistics, 2nd edition}},
title   = {{Group Consensus Probability Distributions: A Critical Survey}},
publisher={Amsterdam: North-Holland},
year    = 1985,
pages={183--201}  }

@article{Genest1986combining,
  title =	 {Combining Probability Distributions: A Critique and an Annotated Bibliography (with discussion)},
  author =	 {Genest, C. and Zidek, J. V.},
  journal =	 {Statistical Science},
  year =	 1986,
  volume=1,
  pages={114--148}
}

@article{Morris1974decision,
  title =	 {Decision Analysis Expert Use},
  author =	 {Morris, P. A.},
  journal =	 {Management Science},
  year =	 1974,
  volume=20,
  pages={1233--1241}
}

@article{Morris1977combining,
  title =	 {Combining Expert Judgements: A Bayesian Approach},
  author =	 {Morris, P. A.},
  journal =	 {Management Science},
  year =	 1977,
  volume=23,
  pages={679--693}
}

@article{Lindley1979reconciliation,
  title =	 {On the Reconciliation of Probability Assessments (with discussion)},
  author =	 {Lindley, D. V. and Tversky, A. and Brown, R. V.},
  journal =	 {Journal of the Royal Statistical Society, Series A},
  year =	 1979,
  volume=142,
  pages={146--180}
}

@article{Lindley1983reconciliation,
  title =	 {Reconciliation of Probability Distributions},
  author =	 {Lindley, D. V.},
  journal =	 {Operations Research},
  year =	 1983,
  volume=31,
  pages={866--880}
}

@article{Lin:etal:2006,
author  = {Lin, R. and Louis, T. A. and Paddock, S. M. and Ridgeway, G. },
title   = {{Loss function based ranking in two-stage hierarchical models}},
journal = {Bayesian Analysis},
volume=1,
number=4,
pages={915--946},
year    = 2006 }
